@article{bogdanov2007present,
  title={PRESENT: An ultra-lightweight block cipher},
  author={Bogdanov, Andrey and Knudsen, Lars and Leander, Gregor and Paar, Christof and Poschmann, Axel and Robshaw, Matthew and Seurin, Yannick and Vikkelsoe, Charlotte},
  journal={Cryptographic Hardware and Embedded Systems-CHES 2007},
  pages={450--466},
  year={2007},
  publisher={Springer}
},

@article{eisenbarth2012compact,
  title={Compact implementation and performance evaluation of block ciphers in ATtiny devices},
  author={Eisenbarth, Thomas and Gong, Zheng and G{\"u}neysu, Tim and Heyse, Stefan and Indesteege, Sebastiaan and Kerckhof, St{\'e}phanie and Koeune, Fran{\c{c}}ois and Nad, Tomislav and Plos, Thomas and Regazzoni, Francesco and others},
  journal={Progress in Cryptology-AFRICACRYPT 2012},
  pages={172--187},
  year={2012},
  publisher={Springer}
},

@article{gong2009towards,
  title={{Towards Secure and Practical MACs for Body Sensor Networks}},
  author={Gong, Zheng and Hartel, Pieter and Nikova, Svetla and Zhu, Bo},
  journal={Progress in Cryptology-INDOCRYPT 2009},
  pages={182--198},
  year={2009},
  publisher={Springer},
},

@misc{gong_code,
  author = {Zheng Gong, Bo Zhu},
  title = {{Software Implementation of Block Cipher PRESENT for 8-Bit Platforms}},
  year = {2013}, 
  howpublished={\url{http://cis.sjtu.edu.cn/index.php/Software_Implementation_of_Block_Cipher_PRESENT_for_8-Bit_Platforms}},
  note = "[Online; accessed 19-February-2013; archived at \url{{http://www.webcitation.org/1370831045860897}} ]",
},

@article{bogdanov2011spongent,
  title={SPONGENT: A lightweight hash function},
  author={Bogdanov, Andrey and Kne{\v{z}}evi{\'c}, Miroslav and Leander, Gregor and Toz, Deniz and Var{\i}c{\i}, Kerem and Verbauwhede, Ingrid},
  journal={Cryptographic Hardware and Embedded Systems--CHES 2011},
  pages={312--325},
  year={2011},
  publisher={Springer}
},

@article{hutternacl,
  title={{NaCl} on 8-bit {AVR} Microcontrollers},
  author={Hutter, Michael and Schwabe, Peter}
},

@misc{present_iso,
   Key = {{ISO/IEC 29192-2:2011}},
   publisher = {{ISO, Geneva, Switzerland}},
   type = {{Norm}},
   title = {{Information technology - Security techniques - Lightweight cryptography - Part 2: Block ciphers}},
   number = {{ISO 29192-2}},
   year = {{2011}},
},

@article{grabher2008light,
  title={Light-weight instruction set extensions for bit-sliced cryptography},
  author={Grabher, Philipp and Gro{\ss}sch{\"a}dl, Johann and Page, Dan},
  journal={Cryptographic Hardware and Embedded Systems--CHES 2008},
  pages={331--345},
  year={2008},
  publisher={Springer}
},

@techreport{abed2012biclique,
  title={{Biclique Cryptanalysis of the PRESENT and LED Lightweight Ciphers}},
  author={Abed, Farzaneh and Forler, Christian and List, Eik and Lucks, Stefan and Wenzel, Jakob},
  year={2012},
  institution={Cryptology ePrint Archive, Report 2012/591}
},

@incollection{collard2009statistical,
  title={{A Statistical Saturation Attack Against the Block Cipher PRESENT}},
  author={Collard, Baudoin and Standaert, F-X},
  booktitle={Topics in Cryptology--CT-RSA 2009},
  pages={195--210},
  year={2009},
  publisher={Springer}

},

@inproceedings{hirose2006some,
  title={{Some Plausible Constructions of Double-Block-Length Hash Functions}},
  author={Hirose, Shoichi},
  booktitle={FSE},
  pages={210--225},
  year={2006},
  organization={Springer}
},

@incollection{hirose2005provably,
  title={{Provably Secure Double-Block-Length Hash Functions in a Black-Box Model}},
  author={Hirose, Shoichi},
  booktitle={Information Security and Cryptology--ICISC 2004},
  pages={330--342},
  year={2005},
  publisher={Springer}
},

@incollection{bogdanov2008hash,
  title={{Hash Functions and RFID Tags: Mind the Gap}},
  author={Bogdanov, Andrey and Leander, Gregor and Paar, Christof and Poschmann, Axel and Robshaw, Matt JB and Seurin, Yannick},
  booktitle={Cryptographic Hardware and Embedded Systems--CHES 2008},
  pages={283--299},
  year={2008},
  publisher={Springer}
},

@incollection{nakahara2009linear,
  title={{Linear (hull) and Algebraic Cryptanalysis of the Block Cipher PRESENT}},
  author={Nakahara Jr, Jorge and Sepehrdad, Pouyan and Zhang, Bingsheng and Wang, Meiqin},
  booktitle={Cryptology and Network Security},
  pages={58--75},
  year={2009},
  publisher={Springer}
},

@article{anderson1998serpent,
  title={{Serpent: A Proposal for the Advanced Encryption Standard}},
  author={Anderson, Ross and Biham, Eli and Knudsen, Lars},
  journal={NIST AES Proposal},
  year={1998}
},

@misc{avr_crypto_lib,
  author = {The GNU project},
  title = {{AVR-Crypto-Lib}},
  year = {2013}, 
  note = "[Online; accessed 6-April-2013]",
  howpublished={\url{http://avrcryptolib.das-labor.org/}}
},

@article{leander2010small,
  title={{Small Scale Variants of the Block Cipher PRESENT}},
  author={Leander, Gregor},
  journal={IACR ePrint Report},
  volume={143},
  year={2010}
},

@incollection{gong2012klein,
  title={{KLEIN: a New Family of Lightweight Block Ciphers}},
  author={Gong, Zheng and Nikova, Svetla and Law, Yee Wei},
  booktitle={RFID. Security and Privacy},
  pages={1--18},
  year={2012},
  publisher={Springer}
},

@incollection{guo2011led,
  title={{The LED Block Cipher}},
  author={Guo, Jian and Peyrin, Thomas and Poschmann, Axel and Robshaw, Matt},
  booktitle={Cryptographic Hardware and Embedded Systems--CHES 2011},
  pages={326--341},
  year={2011},
  publisher={Springer}

}
