@article{bogdanov2007present,
  title={PRESENT: An ultra-lightweight block cipher},
  author={Bogdanov, Andrey and Knudsen, Lars and Leander, Gregor and Paar, Christof and Poschmann, Axel and Robshaw, Matthew and Seurin, Yannick and Vikkelsoe, Charlotte},
  journal={Cryptographic Hardware and Embedded Systems-CHES 2007},
  pages={450--466},
  year={2007},
  publisher={Springer}
},

@article{eisenbarth2012compact,
  title={Compact implementation and performance evaluation of block ciphers in ATtiny devices},
  author={Eisenbarth, Thomas and Gong, Zheng and G{\"u}neysu, Tim and Heyse, Stefan and Indesteege, Sebastiaan and Kerckhof, St{\'e}phanie and Koeune, Fran{\c{c}}ois and Nad, Tomislav and Plos, Thomas and Regazzoni, Francesco and others},
  journal={Progress in Cryptology-AFRICACRYPT 2012},
  pages={172--187},
  year={2012},
  publisher={Springer}
},

@misc{gong_code,
  author = {Zheng Gong, Bo Zhu},
  title = {Software Implementation of Block Cipher PRESENT for 8-Bit Platforms},
  year = {2013}, 
  note = "[Online; accessed 19-February-2013]",
  howpublished={\url{http://cis.sjtu.edu.cn/index.php/Software\_Implementation\_of\_Block\_Cipher\_PRESENT\_for\_8-Bit\_Platforms}}
},

@article{gong2009towards,
  title={Towards secure and practical MACs for body sensor networks},
  author={Gong, Zheng and Hartel, Pieter and Nikova, Svetla and Zhu, Bo},
  journal={Progress in Cryptology-INDOCRYPT 2009},
  pages={182--198},
  year={2009},
  publisher={Springer},
},

@article{bogdanov2011spongent,
  title={SPONGENT: A lightweight hash function},
  author={Bogdanov, Andrey and Kne{\v{z}}evi{\'c}, Miroslav and Leander, Gregor and Toz, Deniz and Var{\i}c{\i}, Kerem and Verbauwhede, Ingrid},
  journal={Cryptographic Hardware and Embedded Systems--CHES 2011},
  pages={312--325},
  year={2011},
  publisher={Springer}
},

@article{hutternacl,
  title={{NaCl} on 8-bit AVR Microcontrollers},
  author={Hutter, Michael and Schwabe, Peter}
},

@misc{present_iso,
   Key = {{ISO/IEC 29192-2:2011}},
   publisher = {{ISO, Geneva, Switzerland}},
   type = {{Norm}},
   title = {{Information technology - Security techniques - Lightweight cryptography - Part 2: Block ciphers}},
   number = {{ISO 29192-2}},
   year = {{2011}},
},

@article{grabher2008light,
  title={Light-weight instruction set extensions for bit-sliced cryptography},
  author={Grabher, Philipp and Gro{\ss}sch{\"a}dl, Johann and Page, Dan},
  journal={Cryptographic Hardware and Embedded Systems--CHES 2008},
  pages={331--345},
  year={2008},
  publisher={Springer}
}

